@book{lindstrom2011flervariabel,
  title="Flervariabel analyse med line{\ae}r algebra",
  author="Lindstr{\o}m, Tom and Hveberg, Klara",
  year="2011",
  publisher="Prentice Hall"
}

@article{morken2013numerical,
  title="Numerical Algorithms and Digital Representation",
  author="M{\o}rken, Knut",
  journal="Lecture Notes for course MATINF1100 Modelling and Computations,(University of Oslo, Ch. 11, 2010)",
  year="2013"
}

@article{hjorth2011computational,
  title={Computational physics},
  author={Hjorth-Jensen, Morten},
  journal={Lecture notes},
  year={2011}
}
